# ----------------- Empirical Software Engineering -----------------

@book{wohlin2012experimentation,
  title     = {Experimentation in software engineering},
  author    = {Wohlin, Claes and Runeson, Per and H{\"o}st, Martin and Ohlsson, Magnus C and Regnell, Bj{\"o}rn and Wessl{\'e}n, Anders},
  year      = {2012},
  publisher = {Springer Science \& Business Media}
}

@book{felderer2020contemporary,
  title     = {Contemporary empirical methods in software engineering},
  author    = {Felderer, Michael and Travassos, Guilherme Horta},
  year      = {2020},
  publisher = {Springer}
}
