# ----------------- MEAN Stack -----------------

@article{dunka2018simplifying,
  title   = {Simplifying Web Application Development Using-Mean Stack Technologies},
  author  = {Dunka, B and Emmanuel, E and Oyerinde, Dantala O},
  journal = {International Journal of Latest Research in Engineering and Technology (IJLRET)},
  pages   = {520--531},
  year    = {2018}
}

@article{aggarwal2018comparative,
  title   = {Comparative analysis of MEAN stack and MERN stack.},
  author  = {Aggarwal, Sanchit and Verma, Jyoti},
  journal = {International Journal of Recent Research Aspects},
  volume  = {5},
  number  = {1},
  year    = {2018}
}

@inproceedings{gomes2020teaching,
  title        = {Teaching web programming using the MEAN stack},
  author       = {Gomes, Luis Mendes and Martins, Francisco and Guerra, H{\'e}lia},
  booktitle    = {The Impact of the 4th Industrial Revolution on Engineering Education: Proceedings of the 22nd International Conference on Interactive Collaborative Learning (ICL2019)--Volume 2 22},
  pages        = {256--262},
  year         = {2020},
  organization = {Springer}
}

@inproceedings{shabu2023development,
  title        = {Development of an E-Commerce System using MEAN Stack with NX Monorepo},
  author       = {Shabu, SL Jany and Kumar, S Pradeep and Pranav, R and Refonaa, S and others},
  booktitle    = {2023 7th International Conference on Trends in Electronics and Informatics (ICOEI)},
  pages        = {58--62},
  year         = {2023},
  organization = {IEEE}
}
