# ----------------- Web App Complexity -----------------

@article{cheng2006method,
  title     = {A method for measuring the structure complexity of web application},
  author    = {Cheng-ying, Mao and Yan-sheng, Lu},
  journal   = {Wuhan University Journal of Natural Sciences},
  volume    = {11},
  pages     = {143--150},
  year      = {2006},
  publisher = {Springer}
}

@misc{johannsen2018progressive,
  title  = {Progressive Web Applications and Code Complexity: An analysis of the added complexity of making a web application progressive},
  author = {Johannsen, Fabian},
  year   = {2018}
}

@article{zagane2019evaluating,
  title   = {Evaluating and comparing size, complexity and coupling metrics as Web applications vulnerabilities predictors},
  author  = {Zagane, Mohammed and Abdi, Mustapha Kamel},
  journal = {Int. J. Inf. Technol. Comput. Sci},
  volume  = {11},
  number  = {7},
  pages   = {35--42},
  year    = {2019}
}
