# ----------------- Web Engineering -----------------

@article{Pressman2000What,
  title   = {What a tangled Web we weave [Web engineering]},
  author  = {R. Pressman},
  journal = {IEEE Software},
  year    = {2000},
  volume  = {17},
  pages   = {18-21},
  doi     = {10.1109/52.819962}
}

@article{Murugesan1999Web,
  title   = {Web engineering},
  author  = {San  Murugesan},
  journal = {SIGWEB Newsl.},
  year    = {1999},
  volume  = {8},
  pages   = {28-32},
  doi     = {10.1145/951440.951445}
}

@book{murugesan2001web,
  title     = {Web engineering: managing diversity and complexity of web application development},
  author    = {Murugesan, San and Deshpande, Yogesh},
  year      = {2001},
  publisher = {Springer}
}
