@inproceedings{haas2017bringing,
  title={Bringing the web up to speed with WebAssembly},
  author={Haas, Andreas and Rossberg, Andreas and Schuff, Derek L and Titzer, Ben L and Holman, Michael and Gohman, Dan and Wagner, Luke and Zakai, Alon and Bastien, JF},
  booktitle={Proceedings of the 38th ACM SIGPLAN Conference on Programming Language Design and Implementation},
  pages={185--200},
  year={2017}
}

@inproceedings{zimmermann2017http,
  title={How HTTP/2 pushes the web: An empirical study of HTTP/2 server push},
  author={Zimmermann, Torsten and R{\"u}th, Jan and Wolters, Benedikt and Hohlfeld, Oliver},
  booktitle={2017 IFIP Networking Conference (IFIP Networking) and Workshops},
  pages={1--9},
  year={2017},
  organization={IEEE}
}

@inproceedings{zimmermann2017qoe,
  title={A QoE perspective on HTTP/2 server push},
  author={Zimmermann, Torsten and Wolters, Benedikt and Hohlfeld, Oliver},
  booktitle={Proceedings of the Workshop on QoE-based Analysis and Management of Data Communication Networks},
  pages={1--6},
  year={2017}
}

@inproceedings{bocchi2017web,
  title={The web, the users, and the mos: Influence of http/2 on user experience},
  author={Bocchi, Enrico and De Cicco, Luca and Mellia, Marco and Rossi, Dario},
  booktitle={Passive and Active Measurement: 18th International Conference, PAM 2017, Sydney, NSW, Australia, March 30-31, 2017, Proceedings 18},
  pages={47--59},
  year={2017},
  organization={Springer}
}

@inproceedings{guse2015subjective,
  title={Subjective quality of webpage loading: The impact of delayed and missing elements on quality ratings and task completion time},
  author={Guse, Dennis and Schuck, Sebastian and Hohlfeld, Oliver and Raake, Alexander and M{\"o}ller, Sebastian},
  booktitle={2015 Seventh International Workshop on Quality of Multimedia Experience (QoMEX)},
  pages={1--6},
  year={2015},
  organization={IEEE}
}

@inproceedings{kelton2017improving,
  title={Improving user perceived page load times using gaze},
  author={Kelton, Conor and Ryoo, Jihoon and Balasubramanian, Aruna and Das, Samir R},
  booktitle={14th USENIX Symposium on Networked Systems Design and Implementation (NSDI 17)},
  pages={545--559},
  year={2017}
}

@inproceedings{ruth2018digging,
  title={Digging into browser-based crypto mining},
  author={R{\"u}th, Jan and Zimmermann, Torsten and Wolsing, Konrad and Hohlfeld, Oliver},
  booktitle={Proceedings of the Internet Measurement Conference 2018},
  pages={70--76},
  year={2018}
}

@inproceedings{jangda2019not,
  title={Not so fast: Analyzing the performance of $\{$WebAssembly$\}$ vs. native code},
  author={Jangda, Abhinav and Powers, Bobby and Berger, Emery D and Guha, Arjun},
  booktitle={2019 USENIX Annual Technical Conference (USENIX ATC 19)},
  pages={107--120},
  year={2019}
}

@inproceedings{wolsing2019performance,
  title={A performance perspective on web optimized protocol stacks: Tcp+ tls+ http/2 vs. quic},
  author={Wolsing, Konrad and R{\"u}th, Jan and Wehrle, Klaus and Hohlfeld, Oliver},
  booktitle={Proceedings of the Applied Networking Research Workshop},
  pages={1--7},
  year={2019}
}
