# ----------------- Web App Complexity -----------------

@article{cheng2006method,
  title     = {A method for measuring the structure complexity of web application},
  author    = {Cheng-ying, Mao and Yan-sheng, Lu},
  journal   = {Wuhan University Journal of Natural Sciences},
  volume    = {11},
  pages     = {143--150},
  year      = {2006},
  publisher = {Springer}
}

@article{zagane2019evaluating,
  title   = {Evaluating and comparing size, complexity and coupling metrics as Web applications vulnerabilities predictors},
  author  = {Zagane, Mohammed and Abdi, Mustapha Kamel},
  journal = {Int. J. Inf. Technol. Comput. Sci},
  volume  = {11},
  number  = {7},
  pages   = {35--42},
  year    = {2019}
}

@misc{johannsen2018progressive,
  title  = {Progressive Web Applications and Code Complexity: An analysis of the added complexity of making a web application progressive},
  author = {Johannsen, Fabian},
  year   = {2018}
}

@book{murugesan2001web,
  title     = {Web engineering: managing diversity and complexity of web application development},
  author    = {Murugesan, San and Deshpande, Yogesh},
  year      = {2001},
  publisher = {Springer}
}

# ----------------- Web Engineering -----------------

@article{Pressman2000What,
  title   = {What a tangled Web we weave [Web engineering]},
  author  = {R. Pressman},
  journal = {IEEE Software},
  year    = {2000},
  volume  = {17},
  pages   = {18-21},
  doi     = {10.1109/52.819962}
}

@article{Murugesan1999Web,
  title   = {Web engineering},
  author  = {San  Murugesan},
  journal = {SIGWEB Newsl.},
  year    = {1999},
  volume  = {8},
  pages   = {28-32},
  doi     = {10.1145/951440.951445}
}

# ----------------- Empirical Software Engineering -----------------

@book{wohlin2012experimentation,
  title     = {Experimentation in software engineering},
  author    = {Wohlin, Claes and Runeson, Per and H{\"o}st, Martin and Ohlsson, Magnus C and Regnell, Bj{\"o}rn and Wessl{\'e}n, Anders},
  year      = {2012},
  publisher = {Springer Science \& Business Media}
}

@book{felderer2020contemporary,
  title     = {Contemporary empirical methods in software engineering},
  author    = {Felderer, Michael and Travassos, Guilherme Horta},
  year      = {2020},
  publisher = {Springer}
}

# ----------------- MEAN Stack -----------------

@article{dunka2018simplifying,
  title   = {Simplifying Web Application Development Using-Mean Stack Technologies},
  author  = {Dunka, B and Emmanuel, E and Oyerinde, Dantala O},
  journal = {International Journal of Latest Research in Engineering and Technology (IJLRET)},
  pages   = {520--531},
  year    = {2018}
}

@inproceedings{gomes2020teaching,
  title        = {Teaching web programming using the MEAN stack},
  author       = {Gomes, Luis Mendes and Martins, Francisco and Guerra, H{\'e}lia},
  booktitle    = {The Impact of the 4th Industrial Revolution on Engineering Education: Proceedings of the 22nd International Conference on Interactive Collaborative Learning (ICL2019)--Volume 2 22},
  pages        = {256--262},
  year         = {2020},
  organization = {Springer}
}

@article{aggarwal2018comparative,
  title   = {Comparative analysis of MEAN stack and MERN stack.},
  author  = {Aggarwal, Sanchit and Verma, Jyoti},
  journal = {International Journal of Recent Research Aspects},
  volume  = {5},
  number  = {1},
  year    = {2018}
}

@inproceedings{shabu2023development,
  title        = {Development of an E-Commerce System using MEAN Stack with NX Monorepo},
  author       = {Shabu, SL Jany and Kumar, S Pradeep and Pranav, R and Refonaa, S and others},
  booktitle    = {2023 7th International Conference on Trends in Electronics and Informatics (ICOEI)},
  pages        = {58--62},
  year         = {2023},
  organization = {IEEE}
}
